@article{WangXu2011Two-orbital,
    title={Two-orbital Schwinger Boson Representation of Spin-One: Application to a Non-abelian Spin Liquid with Quaternion Gauge Field},
    author={Wang, Fa and Xu, Cenke},
    journal={arXiv preprint arXiv:1110.4091},
    year={2011}
}
